%% This BibTeX bibliography file was created using BibDesk.
%% https://bibdesk.sourceforge.io/

%% Created for Holly Zaharchuk at 2024-01-30 21:18:05 -0500 


%% Saved with string encoding Unicode (UTF-8) 



@misc{1,
	author = {H. A. Zaharchuk and A. Shevlin and {Van Hell}, J. G.},
	date = {2022},
	date-added = {2024-01-31 21:11:29 -0500},
	date-modified = {2024-01-31 21:17:42 -0500},
	howpublished = {{Invited lecture, Processing Variation (ProVAR), Federal University of Rio de Janeiro, February 14}},
	title = {\textit{Are our brains more prescriptive than our mouths? Experience with dialectal variation in syntax differentially impacts ERPs and behavior}}}
	
@misc{2,
	author = {H. A. Zaharchuk},
	date = {2023},
	date-added = {2024-01-31 21:11:29 -0500},
	date-modified = {2024-01-31 21:17:42 -0500},
	howpublished = {{Invited lecture, University at Buffalo, March 13}},
	title = {\textit{Sociolinguistics in the lab and the field}}}