%% This BibTeX bibliography file was created using BibDesk.
%% https://bibdesk.sourceforge.io/

%% Created for Holly Zaharchuk at 2024-10-29 16:37:09 -0400 


%% Saved with string encoding Unicode (UTF-8) 



@misc{9,
	author = {H. A. Zaharchuk and {Van Hell}, J. G.},
	date = {2023-10},
	date-added = {2024-10-29 16:35:21 -0400},
	date-modified = {2024-10-29 16:35:21 -0400},
	howpublished = {{15th Annual Meeting of the Society for the Neurobiology of Language (SNL), Marseille, France}},
	title = {\textit{Investigating the roles of acoustic-phonetic and lexico-semantic processing in resolving perceptual ambiguity in Spanish-accented English} [{Poster session}]}}

@misc{10,
	author = {A. Walker and H. A. Zaharchuk and Adriana R. Miller and {Van Hell}, J. G.},
	date = {2023-12},
	date-added = {2024-01-30 21:11:29 -0500},
	date-modified = {2024-01-30 21:17:42 -0500},
	howpublished = {{185th Meeting of the Acoustical Society of America, Sydney, Australia}},
	title = {\textit{Your brain on accents: Profiles of event related potentials in cross-dialectal listening in the US English context} [{Poster session}]}}

@misc{11,
	author = {H. A. Zaharchuk and {Van Hell}, J. G.},
	date = {2024-11},
	date-added = {2023-08-17 14:24:45 -0400},
	date-modified = {2024-10-29 16:36:59 -0400},
	howpublished = {{65th Annual Meeting of the Psychonomic Society, New York City, New York}},
	title = {\textit{The neurocognitive correlates of talker-specific adaptation to Spanish-accented speech} [{Poster session}]}}

@misc{8,
	author = {H. A. Zaharchuk and J. Lipski and {Van Hell}, J. G.},
	date = {2023-08},
	date-added = {2023-08-17 14:17:17 -0400},
	date-modified = {2023-08-17 14:33:07 -0400},
	howpublished = {{Architectures and Mechanisms for Language Processing Conference (AMLaP 29), Donostia-San Sebasti{\'a}n, Spain}},
	title = {\textit{Mi casa es tu pos{\'a}: Exploring the bilingual mental lexicon in speakers of Spanish and Palenquero} [{Poster session}]},
	bdsk-url-1 = {https://www.sciencedirect.com/science/article/pii/S0093934X21000432},
	bdsk-url-2 = {https://doi.org/10.1016/j.bandl.2021.104949}}

@misc{7,
	author = {Zaharchuk, H. A. and A. Walker and {Van Hell}, J. G.},
	date = {2023-03},
	date-added = {2022-12-12 11:34:46 -0500},
	date-modified = {2023-08-17 14:29:10 -0400},
	howpublished = {{30th Annual Meeting of the Cognitive Neuroscience Society (CNS), San Francisco, California}},
	title = {\textit{Tracking the time-course of cross-dialect comprehension with ERPs} [{Oral and poster sessions}]}}

@misc{6,
	author = {Zaharchuk, H. A. and V. Medina and S. Paterno and N. Viswanathan and {Van Hell}, J. G.},
	date = {2023-03},
	date-added = {2022-12-12 11:32:25 -0500},
	date-modified = {2023-08-17 14:29:01 -0400},
	howpublished = {{36th Annual Conference on Human Sentence Processing (HSP), Pittsburgh, Pennsylvania}},
	title = {\textit{Sentential context impacts bilingual speech-in-speech recognition} [{Poster session}]}}

@misc{5,
	author = {Zaharchuk, H. A. and A. Shevlin and {Van Hell}, J. G.},
	date = {2022-11},
	date-added = {2022-12-12 11:32:25 -0500},
	date-modified = {2023-04-28 15:36:56 -0400},
	howpublished = {{III Congreso Paraguayo de Ling{\"u}{\'\i}stica Aplicada (CONPLA), Asunci{\'o}n, Paraguay}},
	title = {\textit{Experiencia con variaci{\'o}n dial{\'e}ctica en sintaxis afecta el procesamiento de lenguaje} [{Plenary session}]}}

@misc{4,
	author = {Walker, A. and Zaharchuk, H. A. and Fernandez, C. B. and {Van Hell}, J. G.},
	date = {2021-08},
	date-added = {2021-09-29 09:05:37 -0400},
	date-modified = {2023-08-17 14:27:28 -0400},
	howpublished = {{5th Variation and Language Processing Conference (VALP5), Copenhagen, Denmark}},
	title = {\textit{The role of dialect expectation on lexical processing: EEG evidence} [{Oral session}]}}

@misc{2,
	author = {Zaharchuk, H. A. and A. Shevlin and Van Hell, J. G.},
	date = {2019-11},
	date-added = {2019-11-29 11:29:27 -0500},
	date-modified = {2023-04-28 15:36:20 -0400},
	howpublished = {{60th Annual Meeting of the Psychonomic Society, Montr{\'e}al, Qu{\'e}bec, Canada}},
	title = {\textit{Auditory comprehension of double versus single modal constructions in {M}ainstream {A}merican {E}nglish listeners} [{Poster session}]}}

@misc{1,
	author = {Zaharchuk, H. A.},
	date = {2015-06},
	date-added = {2019-11-29 11:24:43 -0500},
	date-modified = {2023-04-28 15:36:31 -0400},
	howpublished = {{University of Chicago Undergraduate Research Symposium, Chicago, Illinois}},
	title = {\textit{Does linguistic experience change mental representations of pitch?} [{Poster session}]}}

@misc{3,
	author = {Zaharchuk, H. A. and A. Shevlin and {Van Hell}, J. G.},
	date = {2020-05},
	date-modified = {2023-08-17 14:28:48 -0400},
	howpublished = {{27th Annual Meeting of the Cognitive Neuroscience Society (CNS), Boston, Massachusetts}},
	title = {\textit{We ``might could'' revisit syntactic processing: Studying dialectal variation with event-related potentials} [{Poster session}]}}
