%% This BibTeX bibliography file was created using BibDesk.
%% https://bibdesk.sourceforge.io/

%% Created for Holly Zaharchuk at 2024-10-29 16:50:19 -0400 


%% Saved with string encoding Unicode (UTF-8) 



@article{7,
	author = {Zaharchuk, H. A. and {Van Hell}, J. G.},
	date-added = {2024-10-29 16:32:23 -0400},
	date-modified = {2024-10-29 16:50:13 -0400},
	title = {The effects of variability and similarity on generalization across Spanish-accented English talkers {[Manuscript in preparation]}},
	year = {2024}}

@article{6,
	author = {Zaharchuk, H. A. and V. Medina and S. Paterno and N. Viswanathan and {Van Hell}, J. G.},
	date-added = {2024-10-29 16:31:04 -0400},
	date-modified = {2024-10-29 16:31:04 -0400},
	title = {Sentential context impacts bilingual speech-in-speech recognition {[Manuscript in preparation]}},
	year = {2024}}

@article{5,
	author = {Kaitlyn Litcofsky and Holly A. Zaharchuk and {Van Hell}, J. G.},
	date-added = {2024-01-30 21:20:19 -0500},
	date-modified = {2024-01-30 21:52:09 -0500},
	journal = {Journal of Neurolinguistics},
	title = {Cross-modality structural priming in dialogue is influenced by interlocutor accent {[Manuscript submitted for publication]}},
	year = {2024}}

@article{8,
	author = {Zaharchuk, H. A. and Walker, A. J. and Miller, A. R. and Fernandez, C. B. and {Van Hell}, J. G.},
	date-added = {2024-01-30 21:08:15 -0500},
	date-modified = {2024-10-29 16:50:18 -0400},
	journal = {Journal of Laboratory Phonology},
	title = {Anticipating challenges in lexical access: EEGs and cross-dialectal communication [{Manuscript in preparation}]},
	year = {2024}}

@article{4,
	author = {Adriana R. Miller and Rafa{\l} Jo{\'n}czyk and Holly A. Zaharchuk and {Van Hell}, J. G.},
	date-added = {2024-01-30 21:05:02 -0500},
	date-modified = {2024-01-30 21:51:57 -0500},
	journal = {Psychophysiology},
	title = {Unlocking second language novel metaphor processing: {Behavioral} and {ERP} insights from first and second-language {English} users {[Manuscript submitted for publication]}},
	year = {2024}}
