%% This BibTeX bibliography file was created using BibDesk.
%% https://bibdesk.sourceforge.io/

%% Created for Holly Zaharchuk at 2021-03-28 10:17:02 -0700 


%% Saved with string encoding Unicode (UTF-8) 



@article{2,
	author = {H. A. Zaharchuk and E. A. Karuza},
	date-added = {2021-03-28 10:14:10 -0700},
	date-modified = {2021-03-28 10:14:10 -0700},
	journal = {Brain and Language},
	title = {Multilayer Networks: An Untapped Tool for Understanding Bilingual Neurocognition},
	year = {in press}}

@article{3,
	author = {H. A. Zaharchuk and A. Shevlin and {Van Hell}, J. G.},
	date-added = {2021-03-18 10:39:08 -0400},
	date-modified = {2021-03-28 10:17:00 -0700},
	journal = {Brain and Language},
	title = {Are our brains more prescriptive than our mouths? Experience with dialectal variation in syntax differentially impacts {ERPs} and behavior},
	volume = {218},
	pages = {104949},
	year = {2021},
	issn = {0093-934X},
	doi = {https://doi.org/10.1016/j.bandl.2021.104949},
	url = {https://www.sciencedirect.com/science/article/pii/S0093934X21000432}}

@inproceedings{1,
	address = {Red Hook, NY},
	author = {C Lucero and Zaharchuk, H. and D Casasanto},
	booktitle = {{Proceedings of the 36th Annual Meeting of the Cognitive Science Society}},
	date-modified = {2021-03-18 10:38:59 -0400},
	editor = {P Bello and M Guarini and M McShane and B Scassellati},
	journaltitle = {{Proceedings of the Annual Meeting of the Cognitive Science Society}},
	key = {1},
	publisher = {Curran Associates},
	title = {Beat gestures facilitate speech production},
	year = {2014}}
