%% This BibTeX bibliography file was created using BibDesk.
%% https://bibdesk.sourceforge.io/

%% Created for Holly Zaharchuk at 2021-09-29 09:12:45 -0400 


%% Saved with string encoding Unicode (UTF-8) 



@misc{4,
	author = {Walker, A. and Zaharchuk, H. A. and Fernandez, C. B. and Van Hell, J. G.},
	date = {2021-08},
	date-added = {2021-09-29 09:05:37 -0400},
	date-modified = {2021-09-29 09:12:41 -0400},
	howpublished = {Talk presented at the {5th Variation and Language Processing Conference (VALP5), Copenhagen, Denmark}},
	title = {\textit{The role of dialect expectation on lexical processing: EEG evidence}}}

@misc{2,
	author = {Zaharchuk, H. A. and A Shevlin and Van Hell, J. G.},
	date = {2019-11},
	date-added = {2019-11-29 11:29:27 -0500},
	date-modified = {2019-12-13 09:54:50 -0500},
	howpublished = {Poster session presented at the {60th Annual Meeting of the Psychonomic Society, Montr{\'e}al, Qu{\'e}bec, Canada}},
	title = {\textit{Auditory comprehension of double versus single modal constructions in {M}ainstream {A}merican {E}nglish listeners}}}

@misc{1,
	author = {Zaharchuk, H. A.},
	date = {2015-06},
	date-added = {2019-11-29 11:24:43 -0500},
	date-modified = {2019-11-29 13:43:04 -0500},
	howpublished = {Poster session presented at the {University of Chicago Undergraduate Research Symposium, Chicago, Illinois}},
	title = {\textit{Does linguistic experience change mental representations of pitch?}}}

@misc{3,
	author = {Zaharchuk, H. A. and A Shevlin and Van Hell, J. G.},
	date = {2020-05},
	date-modified = {2021-03-18 10:25:31 -0400},
	howpublished = {Poster session presented at the {27th Annual Meeting of the Cognitive Neuroscience Society, Boston, Massachusetts}},
	title = {\textit{We ``might could'' revisit syntactic processing: Studying dialectal variation with event-related potentials}}}
